<?xml version="1.0" encoding="UTF-8"?><record xmlns="http://www.loc.gov/MARC21/slim" xmlns:cinclude="http://apache.org/cocoon/include/1.0" xmlns:zs="http://www.loc.gov/zing/srw/">
  <leader>03556cz  a2200697n  4500</leader>
  <controlfield tag="001">n  87892593 </controlfield>
  <controlfield tag="003">DLC</controlfield>
  <controlfield tag="005">20130316084347.0</controlfield>
  <controlfield tag="008">871016n| azannaabn          |b aaa      </controlfield>
  <datafield tag="010" ind1=" " ind2=" ">
    <subfield code="a">n  87892593 </subfield>
  </datafield>
  <datafield tag="035" ind1=" " ind2=" ">
    <subfield code="a">(OCoLC)oca01962979</subfield>
  </datafield>
  <datafield tag="040" ind1=" " ind2=" ">
    <subfield code="a">DLC</subfield>
    <subfield code="b">eng</subfield>
    <subfield code="e">rda</subfield>
    <subfield code="c">DLC</subfield>
    <subfield code="d">DLC-R</subfield>
    <subfield code="d">OCoLC</subfield>
    <subfield code="d">DLC</subfield>
    <subfield code="d">OCoLC</subfield>
    <subfield code="d">DLC</subfield>
  </datafield>
  <datafield tag="046" ind1=" " ind2=" ">
    <subfield code="g">1427</subfield>
  </datafield>
  <datafield tag="100" ind1="1" ind2=" ">
    <subfield code="a">Molin, Yaacov,</subfield>
    <subfield code="d">-1427</subfield>
  </datafield>
  <datafield tag="400" ind1="0" ind2=" ">
    <subfield code="w">nnaa</subfield>
    <subfield code="a">Jacob ben Moses,</subfield>
    <subfield code="c">ha-Levi,</subfield>
    <subfield code="d">1365 (ca.)-1427</subfield>
  </datafield>
  <datafield tag="400" ind1="0" ind2=" ">
    <subfield code="a">Jacob ben Moses,</subfield>
    <subfield code="c">ha-Levi,</subfield>
    <subfield code="d">-1427</subfield>
  </datafield>
  <datafield tag="400" ind1="0" ind2=" ">
    <subfield code="a">Ḳaṭan,</subfield>
    <subfield code="c">ha-Leṿi,</subfield>
    <subfield code="d">-1427</subfield>
  </datafield>
  <datafield tag="400" ind1="0" ind2=" ">
    <subfield code="a">Mahari Segal,</subfield>
    <subfield code="d">-1427</subfield>
  </datafield>
  <datafield tag="400" ind1="0" ind2=" ">
    <subfield code="a">Maharil,</subfield>
    <subfield code="d">-1427</subfield>
  </datafield>
  <datafield tag="400" ind1="0" ind2=" ">
    <subfield code="a">Maharil Segel,</subfield>
    <subfield code="d">-1427</subfield>
  </datafield>
  <datafield tag="400" ind1="1" ind2=" ">
    <subfield code="a">Meln, Yaʻaḳov ben Mosheh,</subfield>
    <subfield code="c">ha-Leṿi,</subfield>
    <subfield code="d">-1427</subfield>
  </datafield>
  <datafield tag="400" ind1="1" ind2=" ">
    <subfield code="a">Moellin, Jacob ben Moses,</subfield>
    <subfield code="d">-1427</subfield>
  </datafield>
  <datafield tag="400" ind1="1" ind2=" ">
    <subfield code="w">nnea</subfield>
    <subfield code="a">Molin, Yaacov,</subfield>
    <subfield code="d">d. 1427</subfield>
  </datafield>
  <datafield tag="400" ind1="1" ind2=" ">
    <subfield code="a">Molin, Yaʻaḳov,</subfield>
    <subfield code="d">-1427</subfield>
  </datafield>
  <datafield tag="400" ind1="1" ind2=" ">
    <subfield code="a">Mulin, Yaacov,</subfield>
    <subfield code="d">-1427</subfield>
  </datafield>
  <datafield tag="400" ind1="1" ind2=" ">
    <subfield code="a">Mulin, Yaʻaḳov,</subfield>
    <subfield code="d">-1427</subfield>
  </datafield>
  <datafield tag="400" ind1="1" ind2=" ">
    <subfield code="a">Segel, Yaʻaḳov,</subfield>
    <subfield code="d">-1427</subfield>
  </datafield>
  <datafield tag="400" ind1="0" ind2=" ">
    <subfield code="a">Yaacov Ha-Levi,</subfield>
    <subfield code="d">-1427</subfield>
  </datafield>
  <datafield tag="400" ind1="0" ind2=" ">
    <subfield code="a">Yaʻaḳov ben Mosheh,</subfield>
    <subfield code="c">ha-Leṿi,</subfield>
    <subfield code="d">-1427</subfield>
  </datafield>
  <datafield tag="400" ind1="0" ind2=" ">
    <subfield code="a">Yaʻaḳov,</subfield>
    <subfield code="c">ha-Leṿi,</subfield>
    <subfield code="d">-1427</subfield>
  </datafield>
  <datafield tag="400" ind1="0" ind2=" ">
    <subfield code="a">Yaʻaḳov Segal,</subfield>
    <subfield code="d">-1427</subfield>
  </datafield>
  <datafield tag="400" ind1="1" ind2=" ">
    <subfield code="a">סגל, יעקב</subfield>
  </datafield>
  <datafield tag="400" ind1="1" ind2=" ">
    <subfield code="a">מהרי״ל</subfield>
  </datafield>
  <datafield tag="400" ind1="1" ind2=" ">
    <subfield code="a">מהרי״ל,</subfield>
    <subfield code="d">נפ׳ 1427</subfield>
  </datafield>
  <datafield tag="400" ind1="1" ind2=" ">
    <subfield code="a">מהרי״ל,</subfield>
    <subfield code="d">נפ׳ 7241</subfield>
  </datafield>
  <datafield tag="400" ind1="1" ind2=" ">
    <subfield code="a">מהרי״ל,</subfield>
    <subfield code="d">נפטר 1427</subfield>
  </datafield>
  <datafield tag="400" ind1="1" ind2=" ">
    <subfield code="a">מולין, יעקב</subfield>
  </datafield>
  <datafield tag="400" ind1="1" ind2=" ">
    <subfield code="a">מולין, יעקב,</subfield>
    <subfield code="d">-1427</subfield>
  </datafield>
  <datafield tag="400" ind1="1" ind2=" ">
    <subfield code="a">מולין, יעקב,</subfield>
    <subfield code="d">נפ׳ 1427</subfield>
  </datafield>
  <datafield tag="400" ind1="1" ind2=" ">
    <subfield code="a">מולין, יעקב,</subfield>
    <subfield code="d">נפ׳ 7241</subfield>
  </datafield>
  <datafield tag="400" ind1="1" ind2=" ">
    <subfield code="a">מולין, יעקב,</subfield>
    <subfield code="d">נפ׳1427</subfield>
  </datafield>
  <datafield tag="400" ind1="1" ind2=" ">
    <subfield code="a">מולין, יעקב סג״ל,</subfield>
    <subfield code="d">נפ׳ 1427</subfield>
  </datafield>
  <datafield tag="400" ind1="1" ind2=" ">
    <subfield code="a">מולין, יעקב בן משה</subfield>
  </datafield>
  <datafield tag="400" ind1="1" ind2=" ">
    <subfield code="a">מולין, יעקב בן משה,</subfield>
    <subfield code="d">בערך 1360-1427</subfield>
  </datafield>
  <datafield tag="400" ind1="1" ind2=" ">
    <subfield code="a">מולין, יעקב בן משה,</subfield>
    <subfield code="c">הלוי</subfield>
  </datafield>
  <datafield tag="400" ind1="1" ind2=" ">
    <subfield code="a">יעקב,</subfield>
    <subfield code="c">סג״ל</subfield>
  </datafield>
  <datafield tag="400" ind1="1" ind2=" ">
    <subfield code="a">יעקב,</subfield>
    <subfield code="c">סג״ל,</subfield>
    <subfield code="d">נפ׳ 1427</subfield>
  </datafield>
  <datafield tag="400" ind1="1" ind2=" ">
    <subfield code="a">יעקב לוי מולין בן משה</subfield>
  </datafield>
  <datafield tag="400" ind1="1" ind2=" ">
    <subfield code="a">יעקב בן משה</subfield>
  </datafield>
  <datafield tag="400" ind1="1" ind2=" ">
    <subfield code="a">יעקב בן משה,</subfield>
    <subfield code="c">הלוי</subfield>
  </datafield>
  <datafield tag="400" ind1="1" ind2=" ">
    <subfield code="a">יעקב בן משה,</subfield>
    <subfield code="c">הלוי,</subfield>
    <subfield code="d">נפ׳ 1427</subfield>
  </datafield>
  <datafield tag="400" ind1="1" ind2=" ">
    <subfield code="a">יעקב בן משה,</subfield>
    <subfield code="c">הלוי.</subfield>
    <subfield code="d">נו׳ 1427־</subfield>
  </datafield>
  <datafield tag="667" ind1=" " ind2=" ">
    <subfield code="a">Machine-derived non-Latin script reference project.</subfield>
  </datafield>
  <datafield tag="667" ind1=" " ind2=" ">
    <subfield code="a">Non-Latin script references not evaluated.</subfield>
  </datafield>
  <datafield tag="670" ind1=" " ind2=" ">
    <subfield code="a">His Sheʼelot u-teshuvot Maharil, 1979:</subfield>
    <subfield code="b">t.p. (Maharil; Rabenu Yaʻaḳov Molin, zatsal) added t.p. (Rabbi Yaacov Molin--Maharil [in rom.]) p. 11, etc. (Rabenu Yaʻaḳov Segel Molin--ha-Maharil; Rabbi Yaacov Ha-Levi Molin, of Mainz [in rom.]; Rabbi Yaacov Ha-Levi [in rom.]; Yaʻaḳov Segel; Yaʻaḳov ha-Leṿi; ha-Ḳaṭan ha-Leṿi; Yaʻaḳov ben Mosheh ha-Leṿi; head of the German Jewish communitites; d. Wermeisa (Worms), Ellul 5187 (1427))</subfield>
  </datafield>
  <datafield tag="670" ind1=" " ind2=" ">
    <subfield code="a">His Sefer Maharil, 1989:</subfield>
    <subfield code="b">t.p. (Yaʻaḳov Molin) added t.p. (Rabbi Yaacov Mulin [in rom.])</subfield>
  </datafield>
  <datafield tag="670" ind1=" " ind2=" ">
    <subfield code="a">LC manual cat.</subfield>
    <subfield code="b">(hdg.: Jacob ben Moses, ha-Levi, 1365 (ca.)-1427; usage: Yaʻaḳov ben Mosheh ha-Leṿi)</subfield>
  </datafield>
  <datafield tag="670" ind1=" " ind2=" ">
    <subfield code="a">ha-Entsiḳlopedyah ha-ʻIvrit, 1968</subfield>
    <subfield code="b">(R. Yaʻaḳov ben Mosheh Molin (Meln) [voc.] ha-Levi; Maharil; Mahari Segel; 1360?-1427)</subfield>
  </datafield>
  <datafield tag="670" ind1=" " ind2=" ">
    <subfield code="a">OCLC, 8/2/96</subfield>
    <subfield code="b">(hdgs.: Molin, Yaacov, d. 1427; Moellin, Jacob ben Moses, 1360?-1427; usage: Yaʻaḳov Molin; Yaʻaḳov ben Mosheh, ha-Leṿi; Yaʻaḳov Segal; Yaakov Molin; Yaʻaḳov Mulin; Mahari Segal)</subfield>
  </datafield>
  <datafield tag="670" ind1=" " ind2=" ">
    <subfield code="a">Encyc. Judaica, c1971</subfield>
    <subfield code="b">(Moellin, Jacob ben Moses (Maharil); 1360?-1427; Mahari Segal; Mahari Molin)</subfield>
  </datafield>
  <datafield tag="675" ind1=" " ind2=" ">
    <subfield code="a">Colliers encyc., c1973;</subfield>
    <subfield code="a">Enc. Britanica, 1982;</subfield>
    <subfield code="a">Enc. Americana, 1975;</subfield>
    <subfield code="a">Academic Amer. Enc., 1988.</subfield>
  </datafield>
</record>